@article{guzman_wied_kozine_lundteigen_2019, title={Conceptualizing the key features of cyber‐physical systems in a multi‐layered representation for safety and security analysis}, volume={23}, DOI={10.1002/sys.21509}, number={2}, journal={Systems Engineering}, author={Guzman, Nelson H. Carreras and Wied, Morten and Kozine, Igor and Lundteigen, Mary Ann}, year={2019}, pages={189–210}} 

@article{cyber-physical-systems_2013, title={Cyber-Physical Systems: Design Challenges}, DOI={10.1201/b15552-6}, journal={Cyber-Physical Systems}, year={2013}, pages={35–54}}

@article{ercolani_patton_chen_2016, title={Shodan visualized}, DOI={10.1109/isi.2016.7745467}, journal={2016 IEEE Conference on Intelligence and Security Informatics (ISI)}, author={Ercolani, Vincent J and Patton, Mark W and Chen, Hsinchun}, year={2016}} 

@article{bodenheim_butts_dunlap_mullins_2014, title={Evaluation of the ability of the Shodan search engine to identify Internet-facing industrial control devices}, volume={7}, DOI={10.1016/j.ijcip.2014.03.001}, number={2}, journal={International Journal of Critical Infrastructure Protection}, author={Bodenheim, Roland and Butts, Jonathan and Dunlap, Stephen and Mullins, Barry}, year={2014}, pages={114–123}}


@book{matherly_guide_to_shodan, title={Complete guide to Shodan}, publisher={Leanpub}, author={Matherly, John}, year={2017}}


@misc{DNVGL_cybersec,
    title = {DNV GL Cyber Security },
    howpublished = {\url{https://www.dnvgl.com/maritime/insights/topics/maritime-cyber-security/index.html}},
    note = {Accessed: 2020-08-29}
}

@misc{IMO_2021,
    title = {IMO on cyber security },
    howpublished = {\url{http://www.imo.org/en/OurWork/Security/Guide_to_Maritime_Security/Pages/Cyber-security.aspx}},
    note = {Accessed: 2020-08-29}
}

@misc{Shodan,
    title = {What is Shodan? },
    howpublished = {\url{https://help.shodan.io/the-basics/what-is-shodan}},
    note = {Accessed: 2020-08-29}
}

@misc{maritime_pen_test,
    title = {Tracking \& hacking ships with Shodan \& AIS },
    howpublished = {\url{lhttps://www.pentestpartners.com/security-blog/tracking-hacking-ships-with-shodan-ais/}},
    note = {Accessed: 2020-08-29}
}

@misc{maritime_digitalization,
    title = {The digitalisation of maritime communications},
    howpublished = {\url{https://www.cellnextelecom.com/content/uploads/2020/01/The_digitalisation_of_maritime_communications_1stEd_EN.pdf}},
    note = {Accessed: 2020-09-09}
}

@misc{api_ref,
    title = {Shodan REST API Documentation },
    howpublished = {\url{https://developer.shodan.io/api }},
    note = {Accessed: 2020-09-09}
}

@misc{cli_ref,
    title = {Shodan Command-Line Interface },
    howpublished = {\url{https://cli.shodan.io }},
    note = {Accessed: 2020-09-23}
}

@misc{banner,
    title = {Shodan Banner explanation },
    howpublished = {\url{https://blog.shodan.io/what-is-a-banner/ }},
    note = {Accessed: 2020-09-16}
}

@misc{banner_spec,
    title = {Shodan Banner specification },
    howpublished = {\url{https://developer.shodan.io/api/banner-specification }},
    note = {Accessed: 2020-09-16}
}

@misc{announcement,
    title = {Project announcement link },
    howpublished = {\url{https://www.itk.ntnu.no/ansatte/lundteigen_ma/fordypningsprosjekt  }},
    note = {Accessed: 2020-09-17}
}

@misc{query_fundamentals,
    title = {Shodan query fundamentals },
    howpublished = {\url{https://help.shodan.io/the-basics/search-query-fundamentals  }},
    note = {Accessed: 2020-09-17}
}

@misc{xkcd,
    title = {XKCD webcomics map of the internet},
    howpublished = {\url{https://xkcd.com/195/}},
    note = {Accessed: 2020-10-28}
}

@misc{exhasuted_IPV4,
    title = {News release: Available Pool of Unallocated IPv4 Internet  Addresses Now Completely Emptied},
    howpublished = {\url{https://www.icann.org/en/system/files/press-materials/release-03feb11-en.pdf}},
    note = {Accessed: Accessed: 2020-10-28}
}

@misc{exhausted_RIPENNC,
    title = {News release: The RIPE NCC has run out of IPv4 Addresses},
    howpublished = {\url{https://www.ripe.net/publications/news/about-ripe-ncc-and-ripe/the-ripe-ncc-has-run-out-of-ipv4-addresses}},
    note = {Accessed: Accessed: 2020-10-28}
}

@misc{asip_lookup,
    title = {Hackertargets online AS IP lookup tool and API},
    howpublished = {\url{https://hackertarget.com/as-ip-lookup/}},
    note = {Accessed: Accessed: 2020-10-28}
}

@misc{geolocation_acc,
    title = {iplocation.net on: How accurate is IP-based Geolocation Lookup?},
    howpublished = {\url{https://www.iplocation.net/geolocation-accuracy}},
    note = {Accessed: Accessed: 2020-10-29}
}

@misc{geolocation_apnic,
    title = {APNIC on: How accurate are IP geolocation services?},
    howpublished = {\url{https://blog.apnic.net/2020/09/15/how-accurate-are-ip-geolocation-services/}},
    note = {Accessed: Accessed: 2020-10-29}
}

@misc{ripe_whois,
    title = {Whois lookup table of RIPE NCC},
    howpublished = {\url{https://apps.db.ripe.net/db-web-ui/query?searchtext=2001:700:300:1463::130}},
    note = {Accessed: Accessed: 2020-10-29}
}

@misc{oil_field_lists,
    title = {List of oil fields in the North Sea},
    howpublished = {\url{https://en.wikipedia.org/wiki/List_of_oil_and_gas_fields_of_the_North_Sea}},
    note = {Accessed: Accessed: 2020-11-04}
}

@misc{AS,
    title = {Autonomous Systems},
    howpublished = {\url{
https://tools.ietf.org/html/rfc1930
    }},
    note = {Accessed: Accessed: 2020-11-04}
}
